<record><leader>00000cas a2200000 a 4500</leader><controlfield tag="001">7830368</controlfield><controlfield tag="008">811008d17911805nyuwr ne      0    0eng c</controlfield><datafield ind1=" " ind2=" " tag="010"><subfield code="a">sn 87056992 </subfield></datafield><datafield ind1=" " ind2=" " tag="040"><subfield code="a">NYG</subfield><subfield code="b">eng</subfield><subfield code="c">NYG</subfield><subfield code="d">NPI</subfield><subfield code="d">IUL</subfield><subfield code="d">DLC</subfield><subfield code="d">YOX</subfield><subfield code="d">NYS</subfield><subfield code="d">NVH</subfield><subfield code="d">KNP</subfield><subfield code="d">ANU</subfield><subfield code="d">MGN</subfield><subfield code="d">NYS</subfield><subfield code="d">IUL</subfield><subfield code="d">HUL</subfield><subfield code="d">MGN</subfield><subfield code="d">CNW</subfield><subfield code="d">OBN</subfield><subfield code="d">OCL</subfield><subfield code="d">CVF</subfield><subfield code="d">NYG</subfield><subfield code="d">NYS</subfield><subfield code="d">DLC</subfield><subfield code="d">OCLCQ</subfield><subfield code="d">ZCU</subfield><subfield code="d">KRTAS</subfield><subfield code="d">DLC</subfield><subfield code="d">OCLCQ</subfield><subfield code="d">OCLCF</subfield><subfield code="d">OCLCO</subfield></datafield><datafield ind1="1" ind2=" " tag="029"><subfield code="a">AU@</subfield><subfield code="b">000025830600</subfield></datafield><datafield ind1=" " ind2=" " tag="042"><subfield code="a">pcc</subfield></datafield><datafield ind1=" " ind2=" " tag="043"><subfield code="a">n-us-ny</subfield></datafield><datafield ind1="0" ind2="0" tag="050"><subfield code="a">Newspaper</subfield></datafield><datafield ind1="0" ind2="0" tag="050"><subfield code="a">Microfilm 01104 no. 561-563 AP</subfield></datafield><datafield ind1="0" ind2="0" tag="050"><subfield code="a">AP2</subfield><subfield code="b">.L22</subfield></datafield><datafield ind1=" " ind2=" " tag="092"><subfield code="a">051</subfield><subfield code="b">qL1538</subfield></datafield><datafield ind1="0" ind2=" " tag="130"><subfield code="a">Weekly museum (New York, N.Y.)</subfield></datafield><datafield ind1="1" ind2="4" tag="245"><subfield code="a">The weekly museum.</subfield></datafield><datafield ind1=" " ind2=" " tag="260"><subfield code="a">New-York [N.Y.] :</subfield><subfield code="b">John Harrisson,</subfield><subfield code="c">1791-1805.</subfield></datafield><datafield ind1=" " ind2=" " tag="300"><subfield code="a">14 v.</subfield></datafield><datafield ind1=" " ind2=" " tag="310"><subfield code="a">Weekly</subfield></datafield><datafield ind1="0" ind2=" " tag="362"><subfield code="a">Vol. 4, no. 157 (May 14, 1791)-v. 17, no. 32 (Aug. 10, 1805).</subfield></datafield><datafield ind1="0" ind2=" " tag="490"><subfield code="a">Filmed with: American periodical series, eighteenth century ;</subfield><subfield code="v">561-563</subfield></datafield><datafield ind1="0" ind2=" " tag="490"><subfield code="a">Filmed with: American Periodical Series, 1800-1850 ;</subfield><subfield code="v">v. 561-563</subfield></datafield><datafield ind1=" " ind2=" " tag="500"><subfield code="a">Issues for June 25, 1796-Aug. 10, 1805 called also whole no. 417-no. 866.</subfield></datafield><datafield ind1=" " ind2=" " tag="500"><subfield code="a">Motto: "Here justice with her balance sits, and weights imparitally the deeds of men."</subfield></datafield><datafield ind1=" " ind2=" " tag="515"><subfield code="a">Publication suspended Sept. 8-Nov. 3, 1798, Sept. 7-Oct. 26, 1799, and Aug. 13-Oct. 29, 1803.</subfield></datafield><datafield ind1=" " ind2=" " tag="530"><subfield code="a">Also issued online and on microfilm by University Microfilms, in: American periodical series, 1800-1850; and by Readex Microprint Corp.</subfield></datafield><datafield ind1=" " ind2="0" tag="651"><subfield code="a">New York (N.Y.)</subfield><subfield code="v">Newspapers.</subfield></datafield><datafield ind1=" " ind2="0" tag="651"><subfield code="a">New York County (N.Y.)</subfield><subfield code="v">Newspapers.</subfield></datafield><datafield ind1=" " ind2="7" tag="655"><subfield code="a">Newspapers.</subfield><subfield code="2">fast</subfield><subfield code="0">(OCoLC)fst01423814</subfield></datafield><datafield ind1=" " ind2="7" tag="651"><subfield code="a">New York (State)</subfield><subfield code="z">New York.</subfield><subfield code="2">fast</subfield><subfield code="0">(OCoLC)fst01204333</subfield></datafield><datafield ind1=" " ind2="7" tag="651"><subfield code="a">New York (State)</subfield><subfield code="z">New York County.</subfield><subfield code="2">fast</subfield><subfield code="0">(OCoLC)fst01234953</subfield></datafield><datafield ind1=" " ind2=" " tag="752"><subfield code="a">United States</subfield><subfield code="b">New York</subfield><subfield code="c">New York</subfield><subfield code="d">New York.</subfield></datafield><datafield ind1="1" ind2=" " tag="776"><subfield code="c">Microfilm</subfield><subfield code="d">University Microfilms</subfield><subfield code="w">(DLC)sf 89091688</subfield><subfield code="w">(OCoLC)10132743</subfield></datafield><datafield ind1="1" ind2=" " tag="776"><subfield code="c">Microfilm</subfield><subfield code="d">Readex Microprint</subfield><subfield code="w">(OCoLC)16411771</subfield></datafield><datafield ind1="1" ind2=" " tag="776"><subfield code="t">Weekly museum (New York, N.Y. : Online)</subfield><subfield code="w">(DLC)  2006255338</subfield><subfield code="w">(OCoLC)70141329</subfield></datafield><datafield ind1="0" ind2="0" tag="780"><subfield code="t">New-York weekly museum</subfield><subfield code="w">(DLC)sn 77020315</subfield><subfield code="w">(OCoLC)9746585</subfield></datafield><datafield ind1="0" ind2="0" tag="785"><subfield code="t">New-York weekly museum (New York, N.Y. : 1805)</subfield><subfield code="w">(DLC)sn 87056993</subfield><subfield code="w">(OCoLC)7807280</subfield></datafield><datafield ind1=" " ind2="0" tag="830"><subfield code="a">American periodical series, eighteenth century ;</subfield><subfield code="v">561-563.</subfield></datafield><datafield ind1=" " ind2="0" tag="830"><subfield code="a">American periodical series, 1800-1850 ;</subfield><subfield code="v">561-563.</subfield></datafield><datafield ind1=" " ind2=" " tag="850"><subfield code="a">MH</subfield></datafield><datafield ind1="4" ind2="1" tag="856"><subfield code="u">http://proquest.umi.com/pqdweb?RQT=318&amp;VName=HNP&amp;pmid=41631</subfield></datafield><datafield ind1=" " ind2=" " tag="938"><subfield code="a">Kirtas Technologies, Inc.</subfield><subfield code="b">KRTS</subfield><subfield code="n">735899</subfield></datafield></record>